@article{ sparsemat,
	title		=	{Numerical Analysis},
	author		=	{Timothy Sauer},
	publisher	=	{Pearson, Addison Wesley},
	pages		=	{119--120},
	year		=	{2006},
	note		=	{First edition},
}

@article{ gauss,
	title		=	{Numerical Analysis},
	author		=	{Timothy Sauer},
	publisher	=	{Pearson, Addison Wesley},
	pages		=	{76},
	year		=	{2006},
	note		=	{First edition},
}

@article{ sor,
	title		=	{Numerical Analysis},
	author		=	{Timothy Sauer},
	publisher	=	{Pearson, Addison Wesley},
	pages		=	{114},
	year		=	{2006},
	note		=	{First edition},
}

@article{ forward+error,
	title		=	{Numerical Analysis},
	author		=	{Timothy Sauer},
	publisher	=	{Pearson, Addison Wesley},
	pages		=	{91,93},
	year		=	{2006},
	note		=	{First edition},
}
