@article{ forward+error,
	title		=	{Numerical Analysis},
	author		=	{Timothy Sauer},
	publisher	=	{Pearson, Addison Wesley},
	pages		=	{91,93},
	year		=	{2006},
	note		=	{First edition},
}
